<?xml version="1.0" encoding="UTF-8"?><collection xmlns="http://www.loc.gov/MARC21/slim"><record><leader>00666nam--2200181-u-4500</leader><controlfield tag="001">000054212</controlfield><controlfield tag="002">20161230</controlfield><controlfield tag="005">20161230201051</controlfield><controlfield tag="008">110916s1000------------r-----000-0-eng-d</controlfield><datafield ind1=" " ind2=" " tag="040"><subfield code="a">IFIN-HH</subfield></datafield><datafield ind1=" " ind2=" " tag="080"><subfield code="a">535.82(082.2)</subfield></datafield><datafield ind1="1" ind2=" " tag="110"><subfield code="a">International Federation Of Societies For Electron Microscopy</subfield></datafield><datafield ind1="1" ind2="0" tag="245"><subfield code="a">Electron microscopy 1982</subfield><subfield code="b">Paper presented at the 10th international congress on electron microscopy held in hamburg, west germany august 17-24, 1982</subfield></datafield><datafield ind1=" " ind2=" " tag="260"><subfield code="a">Hamburg</subfield><subfield code="b">Deutsche Gesellschaft Fur Electronenmikroscopie E.V</subfield><subfield code="c">1982</subfield></datafield><datafield ind1=" " ind2=" " tag="300"><subfield code="a">3 VOULME</subfield></datafield><datafield ind1="1" ind2=" " tag="787"><subfield code="a">Volume 3</subfield><subfield code="h">700p</subfield><subfield code="t">Biology</subfield></datafield><datafield ind1=" " ind2=" " tag="852"><subfield code="a">81209</subfield><subfield code="c">537.533.35</subfield></datafield><datafield ind1=" " ind2=" " tag="CAT"><subfield code="a">Sys</subfield><subfield code="c">20110916</subfield><subfield code="h">123248</subfield></datafield></record></collection>